@STRING{CVPR  = "Proc. Computer Vision and Pattern Recognition"}
@STRING{NeurIPS  = "Proc. Neural Information Processing Systems"}
@STRING{ECCV  = "Proc. Europian Conference on Computer Vision"}
@STRING{ICCV  = "Proc. International Conference on Computer Vision"}
@STRING{ICIP  = "Proc. International Conference on Image Processing"}


@inproceedings{Han2017VITONAI,
  title={Viton: An image-based virtual try-on network},
  author={Han, Xintong and Wu, Zuxuan and Wu, Zhe and Yu, Ruichi and Davis, Larry S},
  booktitle={CVPR},
  pages={7543--7552},
  year={2018}
}

@inproceedings{Wang2018TowardCI,
  title={Toward Characteristic-Preserving Image-based Virtual Try-On Network},
  author={Bochao Wang and Hongwei Zhang and Xiaodan Liang and Yimin Chen and Liang Lin and Meng Yang},
  booktitle={ECCV},
  year={2018}
}

@inproceedings{Sun2019ImageBasedVT,
  title={Image-Based Virtual Try-on Network with Structural Coherence},
  author={Feng Dong Sun and Jiaming Guo and Zhuo Su and Cheng-Ying Gao},
  booktitle={ICIP},
  pages={519-523},
  year={2019}
}

@InProceedings{Yu_2019_ICCV,
author = {Yu, Ruiyun and Wang, Xiaoqi and Xie, Xiaohui},
title = {VTNFP: An Image-Based Virtual Try-On Network With Body and Clothing Feature Preservation},
booktitle = {ICCV},
month = {October},
year = {2019}
}

@article{Loper2015SMPLAS,
  title={SMPL: a skinned multi-person linear model},
  author={Matthew Loper and Naureen Mahmood and Javier Romero and Gerard Pons-Moll and Michael J. Black},
  journal={ACM Transactions on Graphics},
  year={2015},
  volume={34},
  pages={248:1-248:16}
}

@inproceedings{Bogo2016SMPLify,
  title={Keep it SMPL: Automatic estimation of 3D human pose and shape from a single image},
  author={Bogo, Federica and Kanazawa, Angjoo and Lassner, Christoph and Gehler, Peter and Romero, Javier and Black, Michael J},
  booktitle={ECCV},
  pages={561--578},
  year={2016}
}

@inproceedings{Pavlakos2019ExpressiveBC,
  title={Expressive Body Capture: 3D Hands, Face, and Body From a Single Image},
  author={Georgios Pavlakos and Vasileios Choutas and Nima Ghorbani and Timo Bolkart and Ahmed A. A. Osman and Dimitrios Tzionas and Michael J. Black},
  booktitle={CVPR},
  pages={10967-10977},
  year={2019}
}

@inproceedings{Weng2018PhotoW3,
  title={Photo wake-up: 3d character animation from a single photo},
  author={Weng, Chung-Yi and Curless, Brian and Kemelmacher-Shlizerman, Ira},
  booktitle={CVPR},
  pages={5908--5917},
  year={2019}
}

@article{BelongieMP02,
  title={Shape matching and object recognition using shape contexts},
  author={Belongie, Serge and Malik, Jitendra and Puzicha, Jan},
  journal={IEEE transactions on pattern analysis and machine intelligence},
  volume={24},
  number={4},
  pages={509--522},
  year={2002},
  publisher={IEEE}
}

@inproceedings{Cao2016RealtimeM2,
  title={Realtime Multi-person 2D Pose Estimation Using Part Affinity Fields},
  author={Zhe Cao and Tom{\'a}{\vs} {\vS}imon and Shih-En Wei and Yaser Sheikh},
  booktitle={CVPR},
  pages={1302-1310},
  year={2016}
}

@article{Liang2018LookIP,
  title={Look into Person: Joint Body Parsing and Pose Estimation Network and a New Benchmark},
  author={Xiaodan Liang and Ke Gong and Xiaohui Shen and Liang Lin},
  journal={IEEE Transactions on Pattern Analysis and Machine Intelligence},
  year={2018},
  volume={41},
  pages={871-885}
}

@inproceedings{Raj2018SwapNetIB,
  title={SwapNet: Image Based Garment Transfer},
  author={Amit Raj and Patsorn Sangkloy and Huiwen Chang and James Hays and Duygu Ceylan and Jingwan Lu},
  booktitle={ECCV},
  year={2018}
}

@inproceedings{Zanfir2018HumanAT,
  title={Human Appearance Transfer},
  author={Mihai Zanfir and Alin-Ionut Popa and Andrei Zanfir and Cristian Sminchisescu},
  journal={2018 IEEE/CVF Conference on Computer Vision and Pattern Recognition},
  booktitle={CVPR},
  pages={5391-5399},
  year={2018}
}

@inproceedings{Kim2009ImagebasedDU,
  title={Image-based dress up system},
  author={Nari Kim and Jong-Chul Yoon and In-Kwon Lee},
  booktitle={SIGGRAPH '09},
  year={2009}
}

@article{Cao2018OpenPoseRM,
  title={OpenPose: Realtime Multi-Person 2D Pose Estimation using Part Affinity Fields.},
  author={Zhe Cao and Gines Hidalgo Martinez and Tomas Simon and Shih-En Wei and Yaser Sheikh},
  journal={IEEE Transactions on Pattern Analysis and Machine Intelligence},
  year={2018}
}

@inproceedings{JaderbergSZK15,
  title={Spatial transformer networks},
  author={Jaderberg, Max and Simonyan, Karen and Zisserman, Andrew and others},
  booktitle={NeurIPS},
  pages={2017--2025},
  year={2015}
}

@article{Bookstein1989PrincipalWT,
  title={Principal Warps: Thin-Plate Splines and the Decomposition of Deformations},
  author={Fred L. Bookstein},
  journal={IEEE transactions on pattern analysis and machine intelligence},
  year={1989},
  volume={11},
  pages={567-585}
}

@inproceedings{natsume2019siclope,
  title={Siclope: Silhouette-based clothed people},
  author={Natsume, Ryota and Saito, Shunsuke and Huang, Zeng and Chen, Weikai and Ma, Chongyang and Li, Hao and Morishima, Shigeo},
  booktitle={CVPR},
  pages={4480--4490},
  year={2019}
}

@inproceedings{saito2019pifu,
  title={Pifu: Pixel-aligned implicit function for high-resolution clothed human digitization},
  author={Saito, Shunsuke and Huang, Zeng and Natsume, Ryota and Morishima, Shigeo and Kanazawa, Angjoo and Li, Hao},
  booktitle={ICCV},
  pages={2304--2314},
  year={2019}
}

